@article{greenwade93,
    author  = "George D. Greenwade",
    title   = "The {C}omprehensive {T}ex {A}rchive {N}etwork ({CTAN})",
    year    = "1993",
    journal = "TUGBoat",
    volume  = "14",
    number  = "3",
    pages   = "342--351"
}
@book{golub,
      author = "Golub, Gene H. and Van Loan, Charles F.", 
      title  = "Matrix computations", 
      edition = "3rd",
      publisher = "Johns Hopkins",
      year =  "1996",
      isbn = "978-0-8018-5414-9",
      pages = "257--258"
      }
@Book{golub13,
  author = "Golub, Gene H. and Van Loan, Charles F.",
  title = "Matrix Computations",
  publisher = "John Hopkins University Press",
  year = 2013,
  edition = "4th",
  isbn = "978-1-4214-0794-4",
        }

      
@ONLINE{stackoverflow,
    howpublished = "\url{https://math.stackexchange.com/questions/3189876/normalized-covariance-matrix-of-a-gaussian-random-vector}", 
    year={2019}
    }
    
@article{wang2018optimal,
  title={A-optimal sampling and robust reconstruction for graph signals via truncated neumann series},
  author={Wang, Fen and Wang, Yongchao and Cheung, Gene},
  journal={IEEE Signal Processing Letters},
  volume={25},
  number={5},
  pages={680--684},
  year={2018},
  publisher={IEEE}
  }

@article{wang2019low,
  title={Low-complexity graph sampling with noise and signal reconstruction via Neumann series},
  author={Wang, Fen and Cheung, Gene and Wang, Yongchao},
  journal={IEEE Transactions on Signal Processing},
  volume={67},
  number={21},
  pages={5511--5526},
  year={2019},
  publisher={IEEE}
}

@book{horn-and-johnson,
  title={Matrix analysis},
  author={Horn, Roger A and Johnson, Charles R},
  year={2012},
  publisher={Cambridge university press}
  }

@article{Denton_2021,
	doi = {10.1090/bull/1722},
	url = {https://doi.org/10.1090%2Fbull%2F1722},
	year = 2021,
	month = {feb},
	publisher = {American Mathematical Society ({AMS})},
	volume = {59},
	number = {1},
	pages = {31--58},
	author = {Peter B. Denton and Stephen J. Parke and Terence Tao and Xining Zhang},
	title = {Eigenvectors from eigenvalues: A survey of a basic identity in linear algebra},
	journal = {Bulletin of the American Mathematical Society}
}
@article{allMatrixMinors_1982,
  title={A combinatorial proof of the all minors matrix tree theorem},
  author={Chaiken, Seth},
  journal={SIAM Journal on Algebraic Discrete Methods},
  volume={3},
  number={3},
  pages={319--329},
  year={1982},
  publisher={SIAM}
}

@inproceedings{narang2013signal,
  title={Signal processing techniques for interpolation in graph structured data},
  author={Narang, Sunil K and Gadde, Akshay and Ortega, Antonio},
  booktitle={2013 IEEE International Conference on Acoustics, Speech and Signal Processing},
  pages={5445--5449},
  year={2013},
  organization={IEEE}
}

@article{pesenson2008sampling,
  title={Sampling in Paley-Wiener spaces on combinatorial graphs},
  author={Pesenson, Isaac},
  journal={Transactions of the American Mathematical Society},
  volume={360},
  number={10},
  pages={5603--5627},
  year={2008}
}

@article{bai2020fast,
  title={Fast graph sampling set selection using gershgorin disc alignment},
  author={Bai, Yuanchao and Wang, Fen and Cheung, Gene and Nakatsukasa, Yuji and Gao, Wen},
  journal={IEEE Transactions on signal processing},
  volume={68},
  pages={2419--2434},
  year={2020},
  publisher={IEEE}
}
@article{rossi2021unreasonable,
  title={On the unreasonable effectiveness of feature propagation in learning on graphs with missing node features},
  author={Rossi, Emanuele and Kenlay, Henry and Gorinova, Maria I and Chamberlain, Benjamin Paul and Dong, Xiaowen and Bronstein, Michael},
  journal={arXiv preprint arXiv:2111.12128},
  year={2021}
}

@article{chen2017GLRbias,
  title={Bias-variance tradeoff of graph laplacian regularizer},
  author={Chen, Pin-Yu and Liu, Sijia},
  journal={IEEE Signal Processing Letters},
  volume={24},
  number={8},
  pages={1118--1122},
  year={2017},
  publisher={IEEE}
}

@article{puy2018random,
  title={Random sampling of bandlimited signals on graphs},
  author={Puy, Gilles and Tremblay, Nicolas and Gribonval, R{\'e}mi and Vandergheynst, Pierre},
  journal={Applied and Computational Harmonic Analysis},
  volume={44},
  number={2},
  pages={446--475},
  year={2018},
  publisher={Elsevier}
}

@article{puy2018structured,
  title={Structured sampling and fast reconstruction of smooth graph signals},
  author={Puy, Gilles and P{\'e}rez, Patrick},
  journal={Information and Inference: A Journal of the IMA},
  volume={7},
  number={4},
  pages={657--688},
  year={2018},
  publisher={Oxford University Press}
}

@book{pukelsheim2006optimal,
  title={Optimal design of experiments},
  author={Pukelsheim, Friedrich},
  year={2006},
  publisher={SIAM}
}

@article{jayawant2021doptimal,
  title={Practical graph signal sampling with log-linear size scaling},
  author={Jayawant, Ajinkya and Ortega, Antonio},
  journal={Signal Processing},
  volume={194},
  pages={108436},
  year={2022},
  publisher={Elsevier}
}

@inproceedings{tremblay2017determinantal,
  title={Graph sampling with determinantal processes},
  author={Tremblay, Nicolas and Amblard, Pierre-Olivier and Barthelm{\'e}, Simon},
  booktitle={2017 25th European Signal Processing Conference (EUSIPCO)},
  pages={1674--1678},
  year={2017},
  organization={IEEE}
}

@article{EOptimalChen,
  title={Discrete Signal Processing on Graphs: Sampling Theory},
  author={Chen, Siheng and Varma, Rohan and Sandryhaila, Aliaksei and Kova{\v{c}}evi{\'c}, Jelena},
  journal={IEEE transactions on signal processing},
  volume={63},
  number={24},
  pages={6510--6523},
  year={2015},
  publisher={IEEE}
}

@article{mfn,
  title={Signals on graphs: Uncertainty principle and sampling},
  author={Tsitsvero, Mikhail and Barbarossa, Sergio and Di Lorenzo, Paolo},
  journal={IEEE Transactions on Signal Processing},
  volume={64},
  number={18},
  pages={4845--4860},
  year={2016},
  publisher={IEEE}
}

@inproceedings{tremblay2017graph,
  title={Graph sampling with determinantal processes},
  author={Tremblay, Nicolas and Amblard, Pierre-Olivier and Barthelm{\'e}, Simon},
  booktitle={2017 25th European Signal Processing Conference (EUSIPCO)},
  pages={1674--1678},
  year={2017},
  organization={IEEE}
}

@article{tanaka2020sampling,
  title={Sampling signals on graphs: From theory to applications},
  author={Tanaka, Yuichi and Eldar, Yonina C and Ortega, Antonio and Cheung, Gene},
  journal={IEEE Signal Processing Magazine},
  volume={37},
  number={6},
  pages={14--30},
  year={2020},
  publisher={IEEE}
}

@article{anis2016efficient,
  title={Efficient sampling set selection for bandlimited graph signals using graph spectral proxies},
  author={Anis, Aamir and Gadde, Akshay and Ortega, Antonio},
  journal={IEEE Transactions on Signal Processing},
  volume={64},
  number={14},
  pages={3775--3789},
  year={2016},
  publisher={IEEE}
}

@book{gauss1823theoria,
  title={Theoria combinationis observationum erroribus minimis obnoxiae},
  author={Gauss, Carl-Friedrich},
  year={1823},
  publisher={Henricus Dieterich}
}

@article{zou2019layer,
  title={Layer-dependent importance sampling for training deep and large graph convolutional networks},
  author={Zou, Difan and Hu, Ziniu and Wang, Yewen and Jiang, Song and Sun, Yizhou and Gu, Quanquan},
  journal={Advances in neural information processing systems},
  volume={32},
  year={2019}
}

@article{liu2021sampling,
  title={Sampling methods for efficient training of graph convolutional networks: A survey},
  author={Liu, Xin and Yan, Mingyu and Deng, Lei and Li, Guoqi and Ye, Xiaochun and Fan, Dongrui},
  journal={IEEE/CAA Journal of Automatica Sinica},
  volume={9},
  number={2},
  pages={205--234},
  year={2021},
  publisher={IEEE}
}

@article{parada2019blue,
  title={Blue-noise sampling on graphs},
  author={Parada-Mayorga, Alejandro and Lau, Daniel L and Giraldo, Jhony H and Arce, Gonzalo R},
  journal={IEEE Transactions on Signal and Information Processing over Networks},
  volume={5},
  number={3},
  pages={554--569},
  year={2019},
  publisher={IEEE}
}
@inproceedings{jayawant2018distance,
  title={A distance-based formulation for sampling signals on graphs},
  author={Jayawant, Ajinkya and Ortega, Antonio},
  booktitle={2018 IEEE International Conference on Acoustics, Speech and Signal Processing (ICASSP)},
  pages={6318--6322},
  year={2018},
  organization={IEEE}
}

@article{xiaojin2002learning,
  title={Learning from labeled and unlabeled data with label propagation},
  author={Xiaojin, Zhu and Zoubin, Ghahramani},
  journal={Tech. Rep., Technical Report CMU-CALD-02--107, Carnegie Mellon University},
  year={2002}
}

@article{jiang2020incomplete,
  title={Incomplete graph representation and learning via partial graph neural networks},
  author={Jiang, Bo and Zhang, Ziyan},
  journal={arXiv preprint arXiv:2003.10130},
  year={2020}
}

@article{taguchi2021graph,
  title={Graph convolutional networks for graphs containing missing features},
  author={Taguchi, Hibiki and Liu, Xin and Murata, Tsuyoshi},
  journal={Future Generation Computer Systems},
  volume={117},
  pages={155--168},
  year={2021},
  publisher={Elsevier}
}

@article{duan2022comprehensive,
  title={A comprehensive study on large-scale graph training: Benchmarking and rethinking},
  author={Duan, Keyu and Liu, Zirui and Wang, Peihao and Zheng, Wenqing and Zhou, Kaixiong and Chen, Tianlong and Hu, Xia and Wang, Zhangyang},
  journal={arXiv preprint arXiv:2210.07494},
  year={2022}
}

@article{sun2021scalable,
  title={Scalable and adaptive graph neural networks with self-label-enhanced training},
  author={Sun, Chuxiong and Gu, Hongming and Hu, Jie},
  journal={arXiv preprint arXiv:2104.09376},
  year={2021}
}

@article{chien2021node,
  title={Node Feature Extraction by Self-Supervised Multi-scale Neighborhood Prediction},
  author={Chien, Eli and Chang, Wei-Cheng and Hsieh, Cho-Jui and Yu, Hsiang-Fu and Zhang, Jiong and Milenkovic, Olgica and Dhillon, Inderjit S},
  journal={arXiv preprint arXiv:2111.00064},
  year={2021}
}

@inproceedings{hardt2016train,
  title={Train faster, generalize better: Stability of stochastic gradient descent},
  author={Hardt, Moritz and Recht, Ben and Singer, Yoram},
  booktitle={International conference on machine learning},
  pages={1225--1234},
  year={2016},
  organization={PMLR}
}
@article{chung2004spectra,
  title={The spectra of random graphs with given expected degrees},
  author={Chung, Fan and Lu, Linyuan and Vu, Van},
  journal={Internet Mathematics},
  volume={1},
  number={3},
  pages={257--275},
  year={2004},
  publisher={Taylor \& Francis}
}

@article{sakumoto2021wigner,
  title={Wigner's Semicircle Law of Weighted Random Networks},
  author={Sakumoto, Yusuke and Aida, Masaki},
  journal={IEICE Transactions on Communications},
  volume={104},
  number={3},
  pages={251--261},
  year={2021},
  publisher={The Institute of Electronics, Information and Communication Engineers}
}

@article{marques2015sampling,
  title={Sampling of graph signals with successive local aggregations},
  author={Marques, Antonio G and Segarra, Santiago and Leus, Geert and Ribeiro, Alejandro},
  journal={IEEE Transactions on Signal Processing},
  volume={64},
  number={7},
  pages={1832--1843},
  year={2015},
  publisher={IEEE}
}

@inproceedings{shomorony2014sampling,
  title={Sampling large data on graphs},
  author={Shomorony, Han and Avestimehr, A Salman},
  booktitle={2014 IEEE Global Conference on Signal and Information Processing (GlobalSIP)},
  pages={933--936},
  year={2014},
  organization={IEEE}
}

@article{chamon2017greedy,
  title={Greedy sampling of graph signals},
  author={Chamon, Luiz FO and Ribeiro, Alejandro},
  journal={IEEE Transactions on Signal Processing},
  volume={66},
  number={1},
  pages={34--47},
  year={2017},
  publisher={IEEE}
}

@article{marques2015sampling,
  title={Sampling of graph signals with successive local aggregations},
  author={Marques, Antonio G and Segarra, Santiago and Leus, Geert and Ribeiro, Alejandro},
  journal={IEEE Transactions on Signal Processing},
  volume={64},
  number={7},
  pages={1832--1843},
  year={2015},
  publisher={IEEE}
}

@article{valsesia2018sampling,
  title={Sampling of graph signals via randomized local aggregations},
  author={Valsesia, Diego and Fracastoro, Giulia and Magli, Enrico},
  journal={IEEE Transactions on Signal and Information Processing over Networks},
  volume={5},
  number={2},
  pages={348--359},
  year={2018},
  publisher={IEEE}
}

@inproceedings{narang2013localized,
  title={Localized iterative methods for interpolation in graph structured data},
  author={Narang, Sunil K and Gadde, Akshay and Sanou, Eduard and Ortega, Antonio},
  booktitle={2013 IEEE Global Conference on Signal and Information Processing},
  pages={491--494},
  year={2013},
  organization={IEEE}
}

@article{ortega2018graph,
  title={Graph signal processing: Overview, challenges, and applications},
  author={Ortega, Antonio and Frossard, Pascal and Kova{\v{c}}evi{\'c}, Jelena and Moura, Jos{\'e} MF and Vandergheynst, Pierre},
  journal={Proceedings of the IEEE},
  volume={106},
  number={5},
  pages={808--828},
  year={2018},
  publisher={IEEE}
}
@book{bhatia2013matrix,
  title={Matrix analysis},
  author={Bhatia, Rajendra},
  volume={169},
  year={2013},
  publisher={Springer Science \& Business Media}
}

@article{chen2016signal,
  title={Signal recovery on graphs: Fundamental limits of sampling strategies},
  author={Chen, Siheng and Varma, Rohan and Singh, Aarti and Kova{\v{c}}evi{\'c}, Jelena},
  journal={IEEE Transactions on Signal and Information Processing over Networks},
  volume={2},
  number={4},
  pages={539--554},
  year={2016},
  publisher={IEEE}
}

@inproceedings{lin2019active,
  title={Active sampling for approximately bandlimited graph signals},
  author={Lin, Sijie and Xie, Xuan and Feng, Hui and Hu, Bo},
  booktitle={ICASSP 2019-2019 IEEE International Conference on Acoustics, Speech and Signal Processing (ICASSP)},
  pages={5441--5445},
  year={2019},
  organization={IEEE}
}




@inproceedings{itani2021graph,
  title={A graph signal processing framework for the classification of temporal brain data},
  author={Itani, Sarah and Thanou, Dorina},
  booktitle={2020 28th European Signal Processing Conference (EUSIPCO)},
  pages={1180--1184},
  year={2021},
  organization={IEEE}
}

@inproceedings{renoust2017estimating,
  title={Estimating political leanings from mass media via graph-signal restoration with negative edges},
  author={Renoust, Benjamin and Cheung, Gene and Satoh, Shin'Ichi},
  booktitle={2017 IEEE International Conference on Multimedia and Expo (ICME)},
  pages={1009--1014},
  year={2017},
  organization={IEEE}
}

@article{jain2014big,
  title={Big data+ big cities: Graph signals of urban air pollution [exploratory sp]},
  author={Jain, Rishee K and Moura, Jose MF and Kontokosta, Constantine E},
  journal={IEEE Signal Processing Magazine},
  volume={31},
  number={5},
  pages={130--136},
  year={2014},
  publisher={IEEE}
}

@article{sherman1949adjustment,
  title={Adjustment of an inverse matrix corresponding to changes in the elements of a given column or a given row of the original matrix},
  author={Sherman, Jack},
  journal={Annals of mathematical statistics},
  volume={20},
  number={4},
  pages={621},
  year={1949}
}

@article{fiedler1964relations,
  title={Relations between the diagonal elements of two mutually inverse positive definite matrices},
  author={Fiedler, Miroslav},
  journal={Czechoslovak Mathematical Journal},
  volume={14},
  number={1},
  pages={39--40},
  year={1964},
  publisher={Institute of Mathematics, Academy of Sciences of the Czech Republic}
}

@article{bapat1987generalization,
  title={A generalization of A∘ A- 1⩾ I},
  author={Bapat, RB and Kwong, Man Kam},
  journal={Linear Algebra and its Applications},
  volume={93},
  pages={107--112},
  year={1987},
  publisher={Elsevier}
}
@article{ando1994majorizations,
  title={Majorizations and inequalities in matrix theory},
  author={Ando, Tsuyoshi},
  journal={Linear algebra and its Applications},
  volume={199},
  pages={17--67},
  year={1994},
  publisher={Elsevier}
}

@article{loewy1997inertia,
  title={An inertia theorem for Lyapunov's equation and the dimension of a controllability space},
  author={Loewy, R},
  journal={Linear algebra and its applications},
  volume={260},
  pages={1--7},
  year={1997},
  publisher={Elsevier}
}

@article{nikolov2022proportional,
  title={Proportional volume sampling and approximation algorithms for A-optimal design},
  author={Nikolov, Aleksandar and Singh, Mohit and Tantipongpipat, Uthaipon},
  journal={Mathematics of Operations Research},
  volume={47},
  number={2},
  pages={847--877},
  year={2022},
  publisher={INFORMS}
}

% skilling-hutchinson estimator citations:
@article{skilling1989eigenvalues,
  title={The eigenvalues of mega-dimensional matrices},
  author={Skilling, John},
  journal={Maximum Entropy and Bayesian Methods: Cambridge, England, 1988},
  pages={455--466},
  year={1989},
  publisher={Springer}
}

@article{lederman2019extreme,
  title={Extreme values of the Fiedler vector on trees},
  author={Lederman, Roy R and Steinerberger, Stefan},
  journal={arXiv preprint arXiv:1912.08327},
  year={2019}
}

@book{maz1999jacques,
  title={Jacques Hadamard: a universal mathematician},
  author={Maz'ya, Vladimir G and Shaposhnikova, Tatyana O},
  number={14},
  year={1999},
  publisher={American Mathematical Soc.}
}

@article{cardoso2007laplacian,
  title={Laplacian eigenvectors and eigenvalues and almost equitable partitions},
  author={Cardoso, Domingos M and Delorme, Charles and Rama, Paula},
  journal={European journal of combinatorics},
  volume={28},
  number={3},
  pages={665--673},
  year={2007},
  publisher={Elsevier}
}
@article{van2017pseudoinverse,
  title={Pseudoinverse of the Laplacian and best spreader node in a network},
  author={Van Mieghem, Piet and Devriendt, Karel and Cetinay, H},
  journal={Physical Review E},
  volume={96},
  number={3},
  pages={032311},
  year={2017},
  publisher={APS}
}
@article{ando1979concavity,
  title={Concavity of certain maps on positive definite matrices and applications to Hadamard products},
  author={Ando, Tsuyoshi},
  journal={Linear algebra and its applications},
  volume={26},
  pages={203--241},
  year={1979},
  publisher={Elsevier}
}

@article{anderson1969series,
  title={Series and parallel addition of matrices},
  author={Anderson Jr, William N and Duffin, Richard James},
  journal={Journal of Mathematical Analysis and Applications},
  volume={26},
  number={3},
  pages={576--594},
  year={1969},
  publisher={Elsevier}
}
@article{nordstrom2011convexity,
  title={Convexity of the inverse and Moore--Penrose inverse},
  author={Nordstr{\"o}m, Kenneth},
  journal={Linear algebra and its applications},
  volume={434},
  number={6},
  pages={1489--1512},
  year={2011},
  publisher={Elsevier}
}

@article{henderson1981deriving,
  title={On deriving the inverse of a sum of matrices},
  author={Henderson, Harold V and Searle, Shayle R},
  journal={Siam Review},
  volume={23},
  number={1},
  pages={53--60},
  year={1981},
  publisher={SIAM}
}

@article{barahona2002synchronization,
  title={Synchronization in small-world systems},
  author={Barahona, Mauricio and Pecora, Louis M},
  journal={Physical review letters},
  volume={89},
  number={5},
  pages={054101},
  year={2002},
  publisher={APS}
}
@article{popoviciu1935equations,
  title={Sur les {\'e}quations alg{\'e}briques ayant toutes leurs racines r{\'e}elles},
  author={Popoviciu, Tiberiu},
  journal={Mathematica},
  volume={9},
  number={129-145},
  pages={20},
  year={1935}
}

@inproceedings{sripathmanathan2023impact,
  title={On the Impact of Sample Size in Reconstructing Graph Signals},
  author={Sripathmanathan, Baskaran and Dong, Xiaowen and Bronstein, Michael},
  booktitle={2023 International Conference on Sampling Theory and Applications (SampTA)},
  pages={1--6},
  year={2023},
  organization={IEEE}
}
@article{thompson1972principal,
  title={Principal submatrices IX: Interlacing inequalities for singular values of submatrices},
  author={Thompson, Robert C},
  journal={Linear Algebra and its Applications},
  volume={5},
  number={1},
  pages={1--12},
  year={1972},
  publisher={North-Holland}
}
@article{denton2022eigenvectors,
  title={Eigenvectors from eigenvalues: A survey of a basic identity in linear algebra},
  author={Denton, Peter and Parke, Stephen and Tao, Terence and Zhang, Xining},
  journal={Bulletin of the American Mathematical Society},
  volume={59},
  number={1},
  pages={31--58},
  year={2022}
}

@article{bourin2006matrix,
  title={Matrix versions of some classical inequalities},
  author={Bourin, Jean-Christophe},
  journal={Linear algebra and its applications},
  volume={416},
  number={2-3},
  pages={890--907},
  year={2006},
  publisher={Elsevier}
}

@article{fujii1997operator,
  title={Operator inequalities related to Cauchy-Schwarz and H{\"o}lder-McCarthy inequalities},
  author={Fujii, Masatoshi and Izumino, Saichi and Nakamoto, Ritsuo and Seo, Yuki},
  year={1997}
}
@article{zhang2000schur,
  title={Schur complements and matrix inequalities in the L{\"o}wner ordering},
  author={Zhang, Fuzhen},
  journal={Linear Algebra and Its Applications},
  volume={321},
  number={1-3},
  pages={399--410},
  year={2000},
  publisher={Elsevier}
}
@article{jiang2012low,
  title={Low eigenvalues of Laplacian matrices of large random graphs},
  author={Jiang, Tiefeng},
  journal={Probability Theory and Related Fields},
  volume={153},
  pages={671--690},
  year={2012},
  publisher={Springer}
}
@article{fiedler1973algebraic,
  title={Algebraic connectivity of graphs},
  author={Fiedler, Miroslav},
  journal={Czechoslovak mathematical journal},
  volume={23},
  number={2},
  pages={298--305},
  year={1973},
  publisher={Institute of Mathematics, Academy of Sciences of the Czech Republic}
}
@article{householder1965kantorovich,
  title={The Kantorovich and some related inequalities},
  author={Householder, AS},
  journal={SIAM Review},
  volume={7},
  number={4},
  pages={463--473},
  year={1965},
  publisher={SIAM}
}
@article{khatri1981some,
  title={Some extensions of the Kantorovich inequality and statistical applications},
  author={Khatri, CG and Rao, C Radhakrishna},
  journal={Journal of Multivariate Analysis},
  volume={11},
  number={4},
  pages={498--505},
  year={1981},
  publisher={Elsevier}
}

@article{avron2013faster,
  title={Faster subset selection for matrices and applications},
  author={Avron, Haim and Boutsidis, Christos},
  journal={SIAM Journal on Matrix Analysis and Applications},
  volume={34},
  number={4},
  pages={1464--1499},
  year={2013},
  publisher={SIAM}
}
@article{derezinski2017unbiased,
  title={Unbiased estimates for linear regression via volume sampling},
  author={Derezinski, Michal and Warmuth, Manfred KK},
  journal={Advances in Neural Information Processing Systems},
  volume={30},
  year={2017}
}

@article{merris1998laplacian,
  title={Laplacian graph eigenvectors},
  author={Merris, Russell},
  journal={Linear algebra and its applications},
  volume={278},
  number={1-3},
  pages={221--236},
  year={1998},
  publisher={Elsevier}
}
@article{geman1992neural,
  title={Neural networks and the bias/variance dilemma},
  author={Geman, Stuart and Bienenstock, Elie and Doursat, Ren{\'e}},
  journal={Neural computation},
  volume={4},
  number={1},
  pages={1--58},
  year={1992},
  publisher={MIT Press One Rogers Street, Cambridge, MA 02142-1209, USA journals-info~…}
}
@inproceedings{chamon2016near,
  title={Near-optimality of greedy set selection in the sampling of graph signals},
  author={Chamon, Luiz FO and Ribeiro, Alejandro},
  booktitle={2016 IEEE Global Conference on Signal and Information Processing (GlobalSIP)},
  pages={1265--1269},
  year={2016},
  organization={IEEE}
}
@inproceedings{nabar2023conservative,
  title={Conservative Predictions on Noisy Financial Data},
  author={Nabar, Omkar and Shroff, Gautam},
  booktitle={Proceedings of the Fourth ACM International Conference on AI in Finance},
  pages={427--435},
  year={2023}
}

@article{tanaka2020generalized,
  title={Generalized sampling on graphs with subspace and smoothness priors},
  author={Tanaka, Yuichi and Eldar, Yonina C},
  journal={IEEE Transactions on Signal Processing},
  volume={68},
  pages={2272--2286},
  year={2020},
  publisher={IEEE}
}
@inproceedings{hara2022sampling,
  title={Sampling set selection for graph signals under arbitrary signal priors},
  author={Hara, Junya and Tanaka, Yuichi},
  booktitle={ICASSP 2022-2022 IEEE International Conference on Acoustics, Speech and Signal Processing (ICASSP)},
  pages={5732--5736},
  year={2022},
  organization={IEEE}
}
@article{dong2016learning,
  title={Learning Laplacian matrix in smooth graph signal representations},
  author={Dong, Xiaowen and Thanou, Dorina and Frossard, Pascal and Vandergheynst, Pierre},
  journal={IEEE Transactions on Signal Processing},
  volume={64},
  number={23},
  pages={6160--6173},
  year={2016},
  publisher={IEEE}
}
@inproceedings{xie2019bayesian,
  title={Bayesian design of sampling set for bandlimited graph signals},
  author={Xie, Xuan and Yu, Junhao and Feng, Hui and Hu, Bo},
  booktitle={2019 IEEE Global Conference on Signal and Information Processing (GlobalSIP)},
  pages={1--5},
  year={2019},
  organization={IEEE}
}
@book{Goodfellow2016DeepLearning,
author = {Goodfellow, Ian and Bengio, Yoshua and Courville, Aaron},
address = {Cambridge, Massachusetts},
booktitle = {Deep learning},
copyright = {"The online version of the book ... will remain available online for free."},
isbn = {9780262035613},
keywords = {Deep learning (Machine learning) -- Textbooks},
language = {eng},
publisher = {MIT Press},
title = {Deep learning },
year = {2016},
}
@article{khatri1982some,
  title={Some generalizations of Kantorovich inequality},
  author={Khatri, CG and Rao, C Radhakrishna},
  journal={Sankhy{\=a}: The Indian Journal of Statistics, Series A},
  pages={91--102},
  year={1982},
  publisher={JSTOR}
}
@article{baksalary1991generalized,
  title={Generalized matrix versions of the Cauchy-Schwarz and Kantorovich inequalities},
  author={Baksalary, Jerzy K and Puntanen, Simo},
  journal={Aequationes Mathematicae},
  volume={41},
  pages={103--110},
  year={1991},
  publisher={Springer}
}

@article{zhi2023gaussian,
  title={Gaussian processes on graphs via spectral kernel learning},
  author={Zhi, Yin-Cong and Ng, Yin Cheng and Dong, Xiaowen},
  journal={IEEE Transactions on Signal and Information Processing over Networks},
  volume={9},
  pages={304--314},
  year={2023},
  publisher={IEEE}
}
@article{bush2023impact,
  title={The impact of COVID-19 public health restrictions on particulate matter pollution measured by a validated low-cost sensor network in Oxford, UK},
  author={Bush, Tony and Bartington, Suzanne and Pope, Francis D and Singh, Ajit and Thomas, G Neil and Stacey, Brian and Economides, George and Anderson, Ruth and Cole, Stuart and Abreu, Pedro and others},
  journal={Building and Environment},
  volume={237},
  pages={110330},
  year={2023},
  publisher={Elsevier}
}
@article{liu1997kantorovich,
  title={Kantorovich and Cauchy-Schwarz inequalities involving positive semidefinite matrices, and efficiency comparisons for a singular linear model},
  author={Liu, Shuangzhe and Neudecker, Heinz},
  journal={Linear algebra and its applications},
  volume={259},
  pages={209--221},
  year={1997},
  publisher={Elsevier}
}

@inproceedings{venkitaraman2020gaussian,
  title={Gaussian processes over graphs},
  author={Venkitaraman, Arun and Chatterjee, Saikat and Handel, Peter},
  booktitle={ICASSP 2020-2020 IEEE International Conference on Acoustics, Speech and Signal Processing (ICASSP)},
  pages={5640--5644},
  year={2020},
  organization={IEEE}
}
@article{behjat2016signal,
  title={Signal-adapted tight frames on graphs},
  author={Behjat, Hamid and Richter, Ulrike and Van De Ville, Dimitri and S{\"o}rnmo, Leif},
  journal={IEEE Transactions on Signal Processing},
  volume={64},
  number={22},
  pages={6017--6029},
  year={2016},
  publisher={IEEE}
}
@article{hamilton2017inductive,
  title={Inductive representation learning on large graphs},
  author={Hamilton, Will and Ying, Zhitao and Leskovec, Jure},
  journal={Advances in neural information processing systems},
  volume={30},
  year={2017}
}
@article{belkin2004semi,
  title={Semi-supervised learning on Riemannian manifolds},
  author={Belkin, Mikhail and Niyogi, Partha},
  journal={Machine learning},
  volume={56},
  pages={209--239},
  year={2004},
  publisher={Springer}
}